@book{schredder2018,
      title     = "Das Neue Geld, Bitcoin, Kryptow채hrungen und Blockchain verst채ndlich erkl채rt.",
      author    = "Schredder, Tim",
      year      = 2018,
      publisher = "Piper",
      address   = "M체nchen"
}

@online{coinmarketcap,
	title =        {CoinMarketCap.com},
	    date = {01.06.2021},
	url =  {https://coinmarketcap.com/de/},
	urldate =      {01.06.2021},
}

@article{gilabert2006intelligent,
  title={Intelligent automation systems for predictive maintenance: A case study},
  author={Gilabert, Eduardo and Arnaiz, Aitor},
  journal={Robotics and Computer-Integrated Manufacturing},
  volume={22},
  number={5},
  pages={543--549},
  year={2006},
  publisher={Elsevier}
}


